<record><leader>00000cas a22000007a 4500</leader><controlfield tag="001">9723299</controlfield><controlfield tag="008">830721d1830183unyuwr ne      0    0eng d</controlfield><datafield ind1=" " ind2=" " tag="010"><subfield code="a">sn 83030968 </subfield></datafield><datafield ind1=" " ind2=" " tag="040"><subfield code="a">NPU</subfield><subfield code="b">eng</subfield><subfield code="c">NPU</subfield><subfield code="d">DLC</subfield><subfield code="d">NPX</subfield><subfield code="d">NYS</subfield><subfield code="d">OCL</subfield><subfield code="d">CRL</subfield><subfield code="d">WIH</subfield><subfield code="d">OCLCF</subfield></datafield><datafield ind1="1" ind2=" " tag="029"><subfield code="a">AU@</subfield><subfield code="b">000020293822</subfield></datafield><datafield ind1=" " ind2=" " tag="042"><subfield code="a">msc</subfield></datafield><datafield ind1=" " ind2=" " tag="043"><subfield code="a">n-us-ny</subfield></datafield><datafield ind1="0" ind2="0" tag="050"><subfield code="a">Newspaper 8829-X</subfield></datafield><datafield ind1="0" ind2=" " tag="130"><subfield code="a">Farmers' advocate (Bath, N.Y.)</subfield></datafield><datafield ind1="0" ind2="0" tag="245"><subfield code="a">Farmers' advocate.</subfield></datafield><datafield ind1=" " ind2=" " tag="260"><subfield code="a">Bath, Steuben, Co., N.Y. :</subfield><subfield code="b">Henry D. Smead,</subfield><subfield code="c">1830-</subfield></datafield><datafield ind1=" " ind2=" " tag="300"><subfield code="a">v. ;</subfield><subfield code="c">54 cm.</subfield></datafield><datafield ind1=" " ind2=" " tag="310"><subfield code="a">Weekly</subfield></datafield><datafield ind1="0" ind2=" " tag="362"><subfield code="a">Vol. 7, no. 357 (Jan. 28, 1830)-</subfield></datafield><datafield ind1=" " ind2=" " tag="515"><subfield code="a">Issues for Jan. 28, 1830-&lt;Dec. 23, 1830&gt; called also: new ser., no. 4-&lt;51&gt;</subfield></datafield><datafield ind1=" " ind2=" " tag="530"><subfield code="a">Also available on microfilm from UMI.</subfield></datafield><datafield ind1=" " ind2="0" tag="651"><subfield code="a">Bath (N.Y.)</subfield><subfield code="v">Newspapers.</subfield></datafield><datafield ind1=" " ind2="7" tag="655"><subfield code="a">Newspapers.</subfield><subfield code="2">fast</subfield><subfield code="0">(OCoLC)fst01423814</subfield></datafield><datafield ind1=" " ind2="7" tag="651"><subfield code="a">New York (State)</subfield><subfield code="z">Bath.</subfield><subfield code="2">fast</subfield><subfield code="0">(OCoLC)fst01221270</subfield></datafield><datafield ind1=" " ind2=" " tag="752"><subfield code="a">United States</subfield><subfield code="b">New York</subfield><subfield code="c">Steuben</subfield><subfield code="d">Bath.</subfield></datafield><datafield ind1="0" ind2="0" tag="780"><subfield code="t">Farmer's advocate, and Steuben advertiser</subfield><subfield code="w">(DLC)sn 83031375</subfield><subfield code="w">(OCoLC)9862747</subfield></datafield><datafield ind1="0" ind2="0" tag="785"><subfield code="t">Steuben farmers' advocate</subfield><subfield code="w">(DLC)sn 83030967</subfield><subfield code="w">(OCoLC)9724506</subfield></datafield><datafield ind1=" " ind2=" " tag="936"><subfield code="a">Vol. 8, no. 407 (Dec. 23, 1830) LIC</subfield></datafield></record>